@book{Perpinan2023,
	author = {Perpi{\~{n}}{\'{a}}n, O.},
	title = {{Energ{\'{i}}a Solar Fotovoltaica}},
	url = {https://oscarperpinan.github.io/esf/},
	year = {2023} }
